@article{bib01,
  title={操作题中的不变量},
  author={费茸},
  journal={数理天地(高中版)},
  number={1},
  year={2007}
}
@article{bib02,
  title={一类竞赛题的巧妙解法——启发性问题解决策略之不变量原理},
  author={梅斌新},
  journal={数学学习与研究},
  number={3},
  pages={69-69},
  year={2009},
}
@book{bib03,
  title={奥数教程(八年级)},
  author={赵雄辉},
  year={2014}
}
@article{bib04,
  title={不变量原理},
  author={佚名}
}